@misc{bellucciapi,
  title={Le api, sentinelle dellâ€™inquinamento ambientale},
  author={Bellucci, V and Bianco, P and Silli, V}
}

@article{martinello2017spring,
  title={Spring mortality in honey bees in northeastern Italy: detection of pesticides and viruses in dead honey bees and other matrices},
  author={Martinello, Marianna and Baratto, Chiara and Manzinello, Chiara and Piva, Elena and Borin, Alice and Toson, Marica and Granato, Anna and Boniotti, Maria Beatrice and Gallina, Albino and Mutinelli, Franco},
  journal={Journal of Apicultural Research},
  volume={56},
  number={3},
  pages={239--254},
  year={2017},
  publisher={Taylor \& Francis}
}

@article{guedes2014receptor,
  title={Receptor--ligand molecular docking},
  author={Guedes, Isabella A and de Magalh{\~a}es, Camila S and Dardenne, Laurent E},
  journal={Biophysical reviews},
  volume={6},
  number={1},
  pages={75--87},
  year={2014},
  publisher={Springer}
}

@article{meng2011molecular,
  title={Molecular docking: a powerful approach for structure-based drug discovery},
  author={Meng, Xuan-Yu and Zhang, Hong-Xing and Mezei, Mihaly and Cui, Meng},
  journal={Current computer-aided drug design},
  volume={7},
  number={2},
  pages={146--157},
  year={2011},
  publisher={Bentham Science Publishers}
}

@article{pagadala2017software,
  title={Software for molecular docking: a review},
  author={Pagadala, Nataraj S and Syed, Khajamohiddin and Tuszynski, Jack},
  journal={Biophysical reviews},
  volume={9},
  number={2},
  pages={91--102},
  year={2017},
  publisher={Springer}
}

@article{fan2019progress,
  title={Progress in molecular docking},
  author={Fan, Jiyu and Fu, Ailing and Zhang, Le},
  journal={Quantitative Biology},
  volume={7},
  number={2},
  pages={83--89},
  year={2019},
  publisher={Springer}
}

@article{o2011open,
  title={Open Babel: An open chemical toolbox},
  author={O'Boyle, Noel M and Banck, Michael and James, Craig A and Morley, Chris and Vandermeersch, Tim and Hutchison, Geoffrey R},
  journal={Journal of cheminformatics},
  volume={3},
  number={1},
  pages={1--14},
  year={2011},
  publisher={BioMed Central}
}

@article{trott2010autodock,
  title={AutoDock Vina: improving the speed and accuracy of docking with a new scoring function, efficient optimization, and multithreading},
  author={Trott, Oleg and Olson, Arthur J},
  journal={Journal of computational chemistry},
  volume={31},
  number={2},
  pages={455--461},
  year={2010},
  publisher={Wiley Online Library}
}