@misc{bellucciapi,
  title={Le api, sentinelle dellâ€™inquinamento ambientale},
  author={Bellucci, V and Bianco, P and Silli, V}
}

@misc{dockingMolecolare,
  author = {Mauro Capocci},
  title = {Enciclopedia della Scienza e della Tecnica},
  year = {2008},
  howpublished={\url{https://www.treccani.it/enciclopedia/docking-molecolare_28Enciclopedia-della-Scienza-e-della-Tecnica29/}}
}

@misc{PubChempyDocumentation,
  author = {Matt Swain},
  title = {PubChemPy documentation},
  year = {2014},
  howpublished={\url{https://pubchempy.readthedocs.io/en/latest/guide/introduction.html}}
}